@article{BlockQuickSort,
    author = {Edelkamp, Stefan and Wei\ss{}, Armin},
    title = {{BlockQuicksort: Avoiding Branch Mispredictions in Quicksort}},
    year = {2019},
    issue_date = {2019},
    publisher = {Association for Computing Machinery},
    address = {New York, NY, USA},
    volume = {24},
    issn = {1084-6654},
    url = {https://doi.org/10.1145/3274660},
    doi = {10.1145/3274660},
    journal = {ACM J. Exp. Algorithmics},
    month = {jan},
    articleno = {1.4},
    numpages = {22},
    keywords = {branch mispredictions, Quicksort, In-place sorting}
}

@article{Freeman75,
    author = {Freeman, H. and Shapira, R.},
    title = {Determining the minimum-area encasing rectangle for an arbitrary closed curve},
    year = {1975},
    issue_date = {July 1975},
    publisher = {Association for Computing Machinery},
    address = {New York, NY, USA},
    volume = {18},
    number = {7},
    issn = {0001-0782},
    url = {https://doi.org/10.1145/360881.360919},
    doi = {10.1145/360881.360919},
    journal = {Commun. ACM},
    month = {jul},
    pages = {409–413},
    numpages = {5},
    keywords = {optimum packing, optimum layout, minimum-area encasing rectangle, enclosed curve}
}

@inproceedings{Duda74,
    title={Pattern classification and scene analysis},
    author={Richard O. Duda and Peter E. Hart},
    booktitle={A Wiley-Interscience publication},
    year={1974},
    url={https://api.semanticscholar.org/CorpusID:12946615}
}

@article{Rosenfeld69,
    author = {Rosenfeld, Azriel},
    title = {Picture Processing by Computer},
    year = {1969},
    issue_date = {Sept. 1969},
    publisher = {Association for Computing Machinery},
    address = {New York, NY, USA},
    volume = {1},
    number = {3},
    issn = {0360-0300},
    url = {https://doi.org/10.1145/356551.356554},
    doi = {10.1145/356551.356554},
    journal = {ACM Comput. Surv.},
    month = {sep},
    pages = {147–176},
    numpages = {30}
}

@article{blas,
  title={An updated set of basic linear algebra subprograms (BLAS)},
  author={Blackford, L Susan and Petitet, Antoine and Pozo, Roldan and Remington, Karin and Whaley, R Clint and Demmel, James and Dongarra, Jack and Duff, Iain and Hammarling, Sven and Henry, Greg and others},
  journal={ACM Transactions on Mathematical Software},
  volume={28},
  number={2},
  pages={135--151},
  year={2002}
}

@InProceedings{ips4o,
  author =	{Michael Axtmann and
                Sascha Witt and
                Daniel Ferizovic and
                Peter Sanders},
  title =	{{In-Place Parallel Super Scalar Samplesort (IPSSSSo)}},
  booktitle =	{25th Annual European Symposium on Algorithms (ESA 2017)},
  pages =	{9:1--9:14},
  series =	{Leibniz International Proceedings in Informatics (LIPIcs)},
  year =	{2017},
  volume =	{87},
  publisher =	{Schloss Dagstuhl--Leibniz-Zentrum fuer Informatik},
  doi =		{10.4230/LIPIcs.ESA.2017.9},
}

@inproceedings{ssss,
  title={Super Scalar Sample Sort},
  author={Sanders, Peter and Winkel, Sebastian},
  booktitle={European Symposium on Algorithms},
  pages={784--796},
  year={2004},
  organization={Springer}
}

@article{francis92,
    title = {A parallel partition for enhanced parallel QuickSort},
    journal = {Parallel Computing},
    volume = {18},
    number = {5},
    pages = {543-550},
    year = {1992},
    issn = {0167-8191},
    doi = {https://doi.org/10.1016/0167-8191(92)90089-P},
    url = {https://www.sciencedirect.com/science/article/pii/016781919290089P},
    author = {R.S Francis and L.J.H Pannan},
    keywords = {Multiprocessing, MIMD, parallel algorithms, sorting Quicksort},
}

@article{Hoare62,
    author = {Hoare, C. A. R.},
    title = "{Quicksort}",
    journal = {The Computer Journal},
    volume = {5},
    number = {1},
    pages = {10-16},
    year = {1962},
    month = {01},
    issn = {0010-4620},
    doi = {10.1093/comjnl/5.1.10},
    url = {https://doi.org/10.1093/comjnl/5.1.10},
}

@article{quickerthanqhull,
  title={Quicker than quickhull},
  author={Hoang, Nam-D{\~u}ng and Linh, Nguyen Kieu},
  journal={Vietnam Journal of Mathematics},
  volume={43},
  number={1},
  pages={57--70},
  year={2015},
  publisher={Springer}
}
